
@misc{mark_schildhauer_oboe:_2016,
	title = {{OBOE}: the {Extensible} {Observation} {Ontology}, version 1.1},
	shorttitle = {{OBOE}},
	publisher = {KNB Data Repository},
	author = {Mark Schildhauer, Matthew B. Jones},
	year = {2016},
	doi = {10.5063/F11C1TTM}
}

@inproceedings{servigne_modelisation_2014,
	address = {Grenoble -, France},
	title = {Modélisation générique de données capteurs hétérogènes : {De} la captation de données à la compréhension de phénomènes},
	shorttitle = {Modélisation générique de données capteurs hétérogènes},
	url = {https://hal.archives-ouvertes.fr/hal-01313189},
	abstract = {Un modèle générique capteur données-centré est présenté. Il est le résultat d’une fertilisation croisée pluridisciplinaire en Science des Données : Informatique, Thermique, urbanisme et sociologie. L’objectif est d’offrir dans un premier temps une modélisation homogène des systèmes de captation hétérogène afin de  permettre l’exploration de données multisources et multidimensionnelles facilitant ainsi la compréhension de phénomènes complexes liés à des objets d’études instrumentés. Une expérimentation a été réalisée in vivo dans le cadre du bâtiment intelligent notamment pour comprendre les phénomènes énergétiques de l’habitat en intégrant des mesures physiques réelles et des données empiriques issues d’enquêtes usager.},
	urldate = {2018-07-20},
	booktitle = {{SAGEO}'2014 : {Conférence} {Internationale} en {Géomatique} et {Analyse} {Spatiale}},
	author = {Servigne, Sylvie and Gripay, Yann and Deleuil, Jean-Michel and Jay, Jacques and Mebrouk, Radouane},
	month = nov,
	year = {2014},
	pages = {1--14}
}

@article{noauthor_modelisation_nodate,
	title = {Modélisation générique de données capteurs hétérogènes}
}

@misc{noauthor_registre_nodate,
	title = {Registre {Parcellaire} {Graphique} 2013},
	url = {https://plateforme.api-agro.fr/explore/dataset/registre-parcellaire-graphique-2013/},
	abstract = {Le Règlement communautaire (CE) n°1593/2000 a institué l'obligation, dans tous les Etats Membres, de localiser et d'identifier les parcelles agricoles.Pour répondre à cette exigence, la France a mis en place le Registre Parcellaire Graphique (RPG) qui est un système d'information géographique permettant l'identification des parcelles agricoles. Ainsi, chaque année, les agriculteurs adressent à l'administration un dossier de déclaration de surfaces qui comprend notamment le dessin des îlots de culture qu'ils exploitent et les cultures qui y sont pratiquées. La localisation des îlots se fait à l'échelle du 1:5000 sur le fond photographique de la BD Ortho (IGN) et leur mise à jour est annuelle. Cette base de données constitue donc une description à grande échelle et régulièrement mise à jour de la majorité des terres agricoles. Les données disponibles sont les contours des îlots « anonymisés » du RPG et leur occupation culturale représentée par le groupe de cultures majoritaire de l'îlot. Le contenu attributaire fourni est la valeur du code du groupe de cultures majoritaire dans l'îlot.},
	language = {fr},
	urldate = {2018-04-24}
}

@misc{noauthor_api-agro_nodate,
	title = {{API}-{AGRO} — {Explore}},
	url = {https://plateforme.api-agro.fr/explore/?sort=modified},
	urldate = {2018-04-24}
}

@misc{noauthor_liste_nodate,
	title = {La liste des {Portails} {Open} {Data} dans le {Monde}},
	url = {https://www.opendatasoft.fr/ressource-liste-portails-open-data-dans-le-monde/},
	abstract = {La liste est disponible sous forme de carte sur le site opendatainception.io. Lorsque vous développez une solution permettant de lancer des...},
	language = {fr-FR},
	urldate = {2018-04-20},
	journal = {OpenDataSoft - fr}
}

@misc{rhone-alpes_plan_nodate,
	title = {Plan régional de {Modernisation} des {Bâtiments} d’Élevage "classique" en {Auvergne} ({PMBE})- {Attributions} 2013/2015},
	url = {http://opendata.auvergnerhonealpes.eu/data/plan-regional-de-modernisation-des-batiments-d-elevage-classique-en-auvergne-pmbe/7-plan-regional-de-modernisation-des-batiments-d-elevage-classique-en-auvergne-pmbe-attributions-2013-2015.htm},
	abstract = {Programme r\&eacute;gional cofinanc\&eacute; R\&eacute;gion, Etat et FEADER (Fonds Europ\&eacute;en Agricole pour le D\&eacute;veloppement Rural) pour accompagner les \&eacute;leveurs dans la modernisation de leurs b\&acirc;timents d'exploitation,\&nbsp;sur les investissements sup\&eacute;rieurs \&agrave; 15 000 \&euro; et li\&eacute;s aux productions bovines, ovines et caprines. 
 Liste des sigles et acronymes attach\&eacute;s au jeu de donn\&eacute;es : 
 EARL = Exploitation Agricole \&agrave; Responsabilit\&eacute; Limit\&eacute;eGAEC = Groupement Agricole d'Exploitation en CommunSCEA = Soci\&eacute;t\&eacute; Civile d'Exploitation AgricoleSCL = Soci\&eacute;t\&eacute; civile laiti\&egrave;re},
	language = {fr},
	urldate = {2018-04-20},
	author = {Rhône-Alpes, Région Auvergne}
}

@misc{noauthor_les_nodate,
	title = {Les données - {Open} {Data} {Auvergne} {Rhône}-{Alpes}},
	url = {http://opendata.auvergnerhonealpes.eu/dataset/7-les-donnees.htm?facet.geographicCoverage[]=Puy-de-D%C3%B4me&facet.tags[]=Agricole&facet.tags[]=Agriculture&from=0},
	urldate = {2018-04-20}
}

@misc{rhone-alpes_plan_nodate-1,
	title = {Plan régional de {Modernisation} des {Bâtiments} d’Élevage "classique" en {Auvergne} ({PMBE})- {Attributions} 2013/2015},
	url = {http://opendata.auvergnerhonealpes.eu/data/plan-regional-de-modernisation-des-batiments-d-elevage-classique-en-auvergne-pmbe/7-plan-regional-de-modernisation-des-batiments-d-elevage-classique-en-auvergne-pmbe-attributions-2013-2015.htm},
	abstract = {Programme r\&eacute;gional cofinanc\&eacute; R\&eacute;gion, Etat et FEADER (Fonds Europ\&eacute;en Agricole pour le D\&eacute;veloppement Rural) pour accompagner les \&eacute;leveurs dans la modernisation de leurs b\&acirc;timents d'exploitation,\&nbsp;sur les investissements sup\&eacute;rieurs \&agrave; 15 000 \&euro; et li\&eacute;s aux productions bovines, ovines et caprines. 
 Liste des sigles et acronymes attach\&eacute;s au jeu de donn\&eacute;es : 
 EARL = Exploitation Agricole \&agrave; Responsabilit\&eacute; Limit\&eacute;eGAEC = Groupement Agricole d'Exploitation en CommunSCEA = Soci\&eacute;t\&eacute; Civile d'Exploitation AgricoleSCL = Soci\&eacute;t\&eacute; civile laiti\&egrave;re},
	language = {fr},
	urldate = {2018-04-20},
	author = {Rhône-Alpes, Région Auvergne}
}

@misc{rhone-alpes_plan_nodate-2,
	title = {Plan régional de {Modernisation} des {Bâtiments} d’Élevage "classique" en {Auvergne} ({PMBE})- {Attributions} 2013/2015},
	url = {http://opendata.auvergnerhonealpes.eu/data/plan-regional-de-modernisation-des-batiments-d-elevage-classique-en-auvergne-pmbe/7-plan-regional-de-modernisation-des-batiments-d-elevage-classique-en-auvergne-pmbe-attributions-2013-2015.htm},
	abstract = {Programme r\&eacute;gional cofinanc\&eacute; R\&eacute;gion, Etat et FEADER (Fonds Europ\&eacute;en Agricole pour le D\&eacute;veloppement Rural) pour accompagner les \&eacute;leveurs dans la modernisation de leurs b\&acirc;timents d'exploitation,\&nbsp;sur les investissements sup\&eacute;rieurs \&agrave; 15 000 \&euro; et li\&eacute;s aux productions bovines, ovines et caprines. 
 Liste des sigles et acronymes attach\&eacute;s au jeu de donn\&eacute;es : 
 EARL = Exploitation Agricole \&agrave; Responsabilit\&eacute; Limit\&eacute;eGAEC = Groupement Agricole d'Exploitation en CommunSCEA = Soci\&eacute;t\&eacute; Civile d'Exploitation AgricoleSCL = Soci\&eacute;t\&eacute; civile laiti\&egrave;re},
	language = {fr},
	urldate = {2018-04-20},
	author = {Rhône-Alpes, Région Auvergne}
}

@misc{rhone-alpes_plan_nodate-3,
	title = {Plan régional de {Modernisation} des {Bâtiments} d’Élevage "classique" en {Auvergne} ({PMBE})- {Attributions} 2013/2015},
	url = {http://opendata.auvergnerhonealpes.eu/data/plan-regional-de-modernisation-des-batiments-d-elevage-classique-en-auvergne-pmbe/7-plan-regional-de-modernisation-des-batiments-d-elevage-classique-en-auvergne-pmbe-attributions-2013-2015.htm},
	abstract = {Programme r\&eacute;gional cofinanc\&eacute; R\&eacute;gion, Etat et FEADER (Fonds Europ\&eacute;en Agricole pour le D\&eacute;veloppement Rural) pour accompagner les \&eacute;leveurs dans la modernisation de leurs b\&acirc;timents d'exploitation,\&nbsp;sur les investissements sup\&eacute;rieurs \&agrave; 15 000 \&euro; et li\&eacute;s aux productions bovines, ovines et caprines. 
 Liste des sigles et acronymes attach\&eacute;s au jeu de donn\&eacute;es : 
 EARL = Exploitation Agricole \&agrave; Responsabilit\&eacute; Limit\&eacute;eGAEC = Groupement Agricole d'Exploitation en CommunSCEA = Soci\&eacute;t\&eacute; Civile d'Exploitation AgricoleSCL = Soci\&eacute;t\&eacute; civile laiti\&egrave;re},
	language = {fr},
	urldate = {2018-04-20},
	author = {Rhône-Alpes, Région Auvergne}
}

@misc{noauthor_quest-ce_nodate,
	title = {Qu’est-ce qu’une donnée sensible ? - {Fil} d’actualité du {Service} {Informatique} et libertés du {CNRS}},
	url = {http://www.cil.cnrs.fr/CIL/spip.php?rubrique300},
	urldate = {2018-04-20}
}

@article{nguyen_techniques_2014,
	title = {Techniques d'anonymisation},
	abstract = {National audience ; L'opposition entre une donnée qui permet d'identifier une personne et une donnée anonyme n'est pas une opposition absolue. C'est pourquoi il existe plusieurs méthodes d'anonymisation, plus ou moins efficaces. On utilise souvent aujourd'hui la « k-anonymisation », la « l-diversité », ou la « confidentialité différentielle », trois techniques dont les principes sont donnés dans cet article. Les différentes techniques sont à juger à la fois sur la sécurité qu'elles procurent, et sur ce qu'elles laissent subsister comme analyses possibles. [...]},
	author = {Nguyen, Benjamin},
	year = {2014},
	keywords = {[INFO.INFO-CR] Computer Science [cs]/Cryptography and Security [cs.CR], [INFO.INFO-CY] Computer Science [cs]/Computers and Society [cs.CY], [INFO.INFO-DB] Computer Science [cs]/Databases [cs.DB], [INFO.INFO-DS] Computer Science [cs]/Data Structures and Algorithms [cs.DS], [MATH.MATH-ST] Mathematics [math]/Statistics [math.ST], anonymisation, protection de la vie privée}
}

@article{noauthor_techniques_2014,
	title = {Techniques d'anonymisation},
	abstract = {National audience ; L'opposition entre une donnée qui permet d'identifier une personne et une donnée anonyme n'est pas une opposition absolue. C'est pourquoi il existe plusieurs méthodes d'anonymisation, plus ou moins efficaces. On utilise souvent aujourd'hui la « k-anonymisation », la « l-diversité », ou la « confidentialité différentielle », trois techniques dont les principes sont donnés dans cet article. Les différentes techniques sont à juger à la fois sur la sécurité qu'elles procurent, et sur ce qu'elles laissent subsister comme analyses possibles.},
	year = {2014},
	keywords = {[INFO.INFO-CR] Computer Science [cs]/Cryptography and Security [cs.CR], [INFO.INFO-CY] Computer Science [cs]/Computers and Society [cs.CY], [INFO.INFO-DB] Computer Science [cs]/Databases [cs.DB], [INFO.INFO-DS] Computer Science [cs]/Data Structures and Algorithms [cs.DS], [MATH.MATH-ST] Mathematics [math]/Statistics [math.ST], anonymisation, protection de la vie privée}
}

@article{nguyen_techniques_2014-1,
	title = {Techniques d'anonymisation},
	abstract = {National audience ; L'opposition entre une donnée qui permet d'identifier une personne et une donnée anonyme n'est pas une opposition absolue. C'est pourquoi il existe plusieurs méthodes d'anonymisation, plus ou moins efficaces. On utilise souvent aujourd'hui la « k-anonymisation », la « l-diversité », ou la « confidentialité différentielle », trois techniques dont les principes sont donnés dans cet article. Les différentes techniques sont à juger à la fois sur la sécurité qu'elles procurent, et sur ce qu'elles laissent subsister comme analyses possibles. [...]},
	author = {Nguyen, Benjamin},
	year = {2014},
	keywords = {[INFO.INFO-CR] Computer Science [cs]/Cryptography and Security [cs.CR], [INFO.INFO-CY] Computer Science [cs]/Computers and Society [cs.CY], [INFO.INFO-DB] Computer Science [cs]/Databases [cs.DB], [INFO.INFO-DS] Computer Science [cs]/Data Structures and Algorithms [cs.DS], [MATH.MATH-ST] Mathematics [math]/Statistics [math.ST], anonymisation, protection de la vie privée}
}

@article{nguyen_techniques_2014-2,
	title = {Techniques d'anonymisation},
	abstract = {National audience ; L'opposition entre une donnée qui permet d'identifier une personne et une donnée anonyme n'est pas une opposition absolue. C'est pourquoi il existe plusieurs méthodes d'anonymisation, plus ou moins efficaces. On utilise souvent aujourd'hui la « k-anonymisation », la « l-diversité », ou la « confidentialité différentielle », trois techniques dont les principes sont donnés dans cet article. Les différentes techniques sont à juger à la fois sur la sécurité qu'elles procurent, et sur ce qu'elles laissent subsister comme analyses possibles. [...]},
	author = {Nguyen, Benjamin},
	year = {2014},
	keywords = {[INFO.INFO-CR] Computer Science [cs]/Cryptography and Security [cs.CR], [INFO.INFO-CY] Computer Science [cs]/Computers and Society [cs.CY], [INFO.INFO-DB] Computer Science [cs]/Databases [cs.DB], [INFO.INFO-DS] Computer Science [cs]/Data Structures and Algorithms [cs.DS], [MATH.MATH-ST] Mathematics [math]/Statistics [math.ST], anonymisation, protection de la vie privée}
}

@article{tiancheng_li_towards_2015,
	title = {Towards {Optimal} k-{Anonymization}},
	abstract = {When releasing microdata for research purposes, one needs to preserve the privacy of re-spondents while maximizing data utility. An approach that has been studied extensively in recent years is to use anonymization techniques such as generalization and suppression to ensure that the released data table satisfies the k-anonymity property. A major thread of research in this area aims at developing more flexible generalization schemes and more efficient searching algorithms to find better anonymizations (i.e., those that have less infor-mation loss). This paper presents three new generalization schemes that are more flexible than exist-ing schemes. This flexibility can lead to better [...]},
	author = {{Tiancheng Li} and {Ninghui Li}},
	year = {2015},
	keywords = {Anonymization, Generalization, Key words, Privacy}
}

@article{wang_k-_2017,
	title = {k- -anonymization of multiple shortest paths},
	volume = {21},
	issn = {14337479},
	doi = {10.1007/s00500-016-2032-2},
	language = {English},
	number = {15},
	journal = {Soft Computing},
	author = {Wang, S.-L. ( 1 ) and Tsai, Y.-C. ( 2 ) and Hong, T.-P. ( 3 ) and Kao, H.-Y. ( 4 )},
	year = {2017},
	note = {4215},
	keywords = {Anonymity, Privacy preservation, Shortest path, k--shortest path privacy, k-shortest path privacy},
	pages = {4215--4226}
}

@article{murakami_optimization_2017,
	title = {Optimization algorithm for k-anonymization of datasets with low information loss},
	issn = {16155270},
	doi = {10.1007/s10207-017-0392-y},
	language = {English},
	journal = {International Journal of Information Security},
	author = {Murakami, K. ( 1 ) and Uno, T. ( 2 )},
	year = {2017},
	note = {1},
	keywords = {Database models, Graph problem, K-anonymity, Large-scale dataset, Optimization, Security and protection},
	pages = {1--14}
}

@article{mehta_privacy_2017,
	title = {Privacy preserving big data publishing: {A} scalable k-anonymization approach using {MapReduce}},
	volume = {11},
	issn = {17518806},
	shorttitle = {Privacy preserving big data publishing},
	doi = {10.1049/iet-sen.2016.0264},
	language = {English},
	number = {5},
	journal = {IET Software},
	author = {Mehta, B.b. and Rao, U.p.},
	year = {2017},
	note = {271},
	pages = {271--276}
}

@article{sabah_s._al-fedaghi_balanced_2013,
	title = {Balanced k-{Anonymization}},
	abstract = {Abstract—The technique of k-anonymization has been proposed to obfuscate private data through associating it with at least k identities. This paper investigates the basic tabular structures that underline the notion of k-anonymization using cell suppression. These structures are studied under idealized conditions to identify the essential features of the k-anonymization notion. We optimize data k-anonymization through requiring a minimum number of anonymized values that are balanced over all columns and rows. We study the relationship between the sizes of the anonymized tables, the value k, and the number of attributes. This study has a theoretical value through contributing to develop [...]},
	author = {{Sabah S. Al-fedaghi}},
	year = {2013},
	keywords = {k-anonymization}
}

@misc{noauthor_carroyage_nodate,
	title = {carroyage {DFCI} - open data},
	url = {http://www.pont-entente.org/actualite-detail.php?actu_id=231},
	urldate = {2018-05-07}
}

@misc{superieur_abes_theses.fr_nodate,
	type = {Text},
	title = {theses.fr, explorer les 3 thèses pour {L}-diversité},
	copyright = {Agence bibliographique de l’enseignement supérieur (ABES)},
	url = {http://www.theses.fr/?q= L-diversité},
	abstract = {Moteur de recherche des thèses françaises, theses.fr propose l’accès aux thèses de doctorat soutenues ou en préparation. Grâce à son moteur de recherche et sa navigation par facette, l’interface donne accès aux données des thèses : titre, docteur, disciplines, directeurs, établissements de soutenance, écoles doctorales, partenaires de recherche, date de soutenance et éventuellement au texte intégral.},
	language = {fre},
	urldate = {2018-05-02},
	author = {supérieur (ABES), Agence bibliographique de l’enseignement}
}

@book{sondeck_privacy_2017,
	title = {Privacy and utility assessment within statistical data bases},
	url = {http://www.theses.fr/2017TELE0023},
	abstract = {Les données personnelles sont d’une importance avérée pour presque tous les secteurs d’activité économiques grâce à toute la connaissance qu’on peut en extraire. Pour preuve, les plus grandes entreprises du monde que sont: Google, Amazon, Facebook et Apple s’en servent principalement pour fournir de leurs services. Cependant, bien que les données personnelles soient d’une grande utilité pour l’amélioration et le développement de nouveaux services, elles peuvent aussi, de manière intentionnelle ou non, nuire à la vie privée des personnes concernées. En effet, plusieurs études font état d’attaques réalisées à partir de données d’entreprises, et ceci, bien qu’ayant été anonymisées. Il devient donc nécessaire de définir des techniques fiables, pour la protection de la vie privée des personnes tout en garantissant l’utilité de ces données pour les services. Dans cette optique, l’Europe a adopté un nouveau règlement (le Règlement Général sur la Protection des Données) (EU, 2016) qui a pour but de protéger les données personnelles des citoyens européens. Cependant, ce règlement ne concerne qu’une partie du problème puisqu’il s’intéresse uniquement à la protection de la vie privée, alors que l’objectif serait de trouver le meilleur compromis entre vie privée et utilité des données. En effet, vie privée et utilité des données sont très souvent inversement proportionnelles, c’est ainsi que plus les données garantissent la vie privée, moins il y reste d’information utile. Pour répondre à ce problème de compromis entre vie privée et utilité des données, la technique la plus utilisée est l’anonymisation des données. Dans la littérature scientifique, l’anonymisation fait référence soit aux mécanismes d’anonymisation, soit aux métriques d’anonymisation. Si les mécanismes d’anonymisation sont utiles pour anonymiser les données, les métriques d’anonymisation sont elles, nécessaires pour valider ou non si le compromis entre vie privée et utilité des données a été atteint. Cependant, les métriques existantes ont plusieurs défauts parmi lesquels, le manque de précision des mesures et la difficulté d’implémentation. De plus, les métriques existantes permettent de mesurer soit la vie privée, soit l’utilité des données, mais pas les deux simultanément; ce qui rend plus complexe l’évaluation du compromis entre vie privée et utilité des données. Dans cette thèse, nous proposons une approche nouvelle, permettant de mesurer à la fois la vie privée et l’utilité des données, dénommée Discrimination Rate (DR). Le DR est une métrique basée sur la théorie de l’information, qui est pratique et permet des mesures d’une grande finesse. Le DR mesure la capacité des attributs à raffiner un ensemble d’individus, avec des valeurs comprises entre 0 et 1; le meilleur raffinement conduisant à un DR de 1. Par exemple, un identifiant a un DR égale à 1 étant donné qu’il permet de raffiner complètement un ensemble d’individus. Grâce au DR nous évaluons de manière précise et comparons les mécanismes d’anonymisation en termes d’utilité et de vie privée (aussi bien différentes instanciations d’un même mécanisme, que différents mécanismes). De plus, grâce au DR, nous proposons des définitions formelles des identifiants encore appelés informations d’identification personnelle. Ce dernier point est reconnu comme l’un des problèmes cruciaux des textes juridiques qui traitent de la protection de la vie privée. Le DR apporte donc une réponse aussi bien aux entreprises qu’aux régulateurs, par rapport aux enjeux que soulève la protection des données personnelles},
	urldate = {2018-05-02},
	publisher = {Evry, Institut national des télécommunications},
	author = {Sondeck, Louis-Philippe},
	month = dec,
	year = {2017}
}

@article{isima_presente_nodate,
	title = {Présenté par: {M}’hamed {BOUAZIZ}, {Walid} {EL} {GUERRABI}},
	language = {fr},
	author = {ISIMA, Responsables and KANG, Myoung-Ha},
	pages = {34}
}

@article{isima_presente_nodate-1,
	title = {Présenté par: {M}’hamed {BOUAZIZ}, {Walid} {EL} {GUERRABI}},
	language = {fr},
	author = {ISIMA, Responsables and MYUNG, Kang},
	pages = {19}
}

@misc{noauthor_irsteadoc_nodate,
	title = {Irsteadoc - {Recherche} de publications},
	url = {https://irsteadoc.irstea.fr/exl-php/getvue/p_recherche_publication},
	urldate = {2018-04-26}
}

@misc{noauthor_irsteadoc_nodate-1,
	title = {Irsteadoc - {Recherche} de publications},
	url = {https://irsteadoc.irstea.fr/exl-php/getvue/p_recherche_publication},
	urldate = {2018-04-26}
}

@misc{noauthor_repertoire_2018,
	title = {Repertoire sur l'anonymisation},
	url = {https://github.com/SGMAP-AGD/anonymisation},
	urldate = {2018-04-25},
	publisher = {Administrateur général des données},
	month = apr,
	year = {2018},
	note = {original-date: 2016-01-18T16:46:13Z}
}

@misc{noauthor_repertoire_2018-1,
	title = {Repertoire sur l'anonymisation},
	url = {https://github.com/SGMAP-AGD/anonymisation},
	urldate = {2018-04-25},
	publisher = {Administrateur général des données},
	month = apr,
	year = {2018},
	note = {original-date: 2016-01-18T16:46:13Z}
}

@misc{noauthor_donnees_nodate,
	title = {Données personnelles : les concepts d’anonymisation et de pseudonymisation – {MANDIL}},
	shorttitle = {Données personnelles},
	url = {http://glorieusefrance.fr/anonymisation-et-pseudonymisation-deux-garanties-pour-la-vie-privee/},
	language = {fr-FR},
	urldate = {2018-04-24}
}

@misc{noauthor_acte_2015,
	title = {Acte 1 - {L}'{UE} propose une définition unique de la pseudonymisation...},
	url = {https://www.desmarais-avocats.fr/acte-1-lue-propose-une-definition-unique-de-la-pseudonymisation/},
	abstract = {Bon, comme apparemment, tout le monde apprécie que je décortique le projet de RGPD, autant se faire plaisir et continuer. Aujourd’hui, je vous propose donc un nouveau chapitre, en deux actes, sur… la pseudonymisation ! Pour commencer, faisons un petit point de terminologie. Vous savez comme les juristes peuvent être tatillons en la matière. « donnée à caractère personnel » : désigne toute information relative à une personne physique identifiée ou qui peut être identifiée, directement ou indirectement, par référence à un numéro d’identification ou à un ou plusieurs éléments qui lui sont propres. « donnée anonyme » : a contrario, désigne toute information qu’on ne peut plus …},
	language = {fr-FR},
	urldate = {2018-04-23},
	journal = {Desmarais Avocats},
	month = apr,
	year = {2015}
}

@misc{noauthor_anonymisation_2018,
	title = {Anonymisation},
	copyright = {Creative Commons Attribution-ShareAlike License},
	url = {https://fr.wikipedia.org/w/index.php?title=Anonymisation&oldid=146184292},
	abstract = {L' anonymisation de données (a fortiori personnelles) consiste à modifier le contenu ou la structure de ces données afin de rendre très difficile ou impossible la « ré-identification » des personnes (physiques ou morales) ou des entités concernées (ce qui implique de bien définir ce que signifie dans ce cadre le concept d’identifiabilité). Les anglophones parlent aussi parfois de De-Identification (DE-ID).
Le choix d'anonymiser des données résulte souvent d'un compromis déontologique, juridique et éthique, entre une volonté ou une obligation de protéger les individus et leurs données personnelles. L'anonymisation est en particulier employée pour la diffusion et le partage de données jugées d'intérêt public, comme les données ouvertes (Open data).
L'utilisation de données anonymisées soulève encore des questions juridiques et éthiques car elle peut aussi être une « barrière » ou un frein à la recherche médicale, « observationnelle ». De même, de nombreuses exceptions à cette règle (par exemple pour certaines données médicales, concernant la défense ou la sécurité intérieure) sont intégrées dans le droit des pays démocratiques. Cette utilisation s'accompagne parfois d'une limite à la durée de conservation.},
	language = {fr},
	urldate = {2018-04-23},
	journal = {Wikipédia},
	month = mar,
	year = {2018},
	note = {Page Version ID: 146184292}
}

@misc{noauthor_avis_nodate,
	title = {Avis du {G}29 sur les techniques d’anonymisation - {Fil} d’actualité du {Service} {Informatique} et libertés du {CNRS}},
	url = {http://www.cil.cnrs.fr/CIL/spip.php?article2869},
	urldate = {2018-04-23}
}

@misc{noauthor_donnee_nodate,
	title = {Une donnée à caractère personnel, c'est quoi ? {\textbar} {Besoin} d'aide {\textbar} {CNIL}},
	url = {https://www.cnil.fr/fr/cnil-direct/question/492},
	urldate = {2018-04-22}
}

@article{buck_anonymisation_2015,
	title = {Anonymisation of address coordinates for microlevel analyses of the built environment: a simulation study},
	volume = {5},
	issn = {2044-6055},
	shorttitle = {Anonymisation of address coordinates for microlevel analyses of the built environment},
	url = {http://bmjopen.bmj.com/cgi/doi/10.1136/bmjopen-2014-006481},
	doi = {10.1136/bmjopen-2014-006481},
	abstract = {Background: Data privacy is a major concern in spatial epidemiology because exact residential locations or parts of participants’ addresses such as street or zip codes are used to perform geospatial analyses. To overcome this concern, different levels of aggregation such as census districts or zip code areas are mainly used, though any spatial aggregation leads to a loss of spatial variability. For the assessment of urban opportunities for physical activity that was conducted in the IDEFICS (Identification and prevention of dietaryand lifestyle-induced health effects in children and infants) study, macrolevel analyses were performed, but the use of exact residential addresses for microlevel analyses was not permitted by the responsible office for data protection. We therefore implemented a spatial blurring to anonymise address coordinates depending on the underlying population density.
Methods: We added a standard Gaussian distributed error to individual address coordinates with the variance s2 depending on the population density and on the chosen k-anonymity. 1000 random point locations were generated and repeatedly blurred 100 times to obtain anonymised locations. For each location 1 km network-dependent neighbourhoods were used to calculate walkability indices. Indices of blurred locations were compared to indices based on their sampling origins to determine the effect of spatial blurring on the assessment of the built environment.
Results: Spatial blurring decreased with increasing population density. Similarly, mean differences in walkability indices also decreased with increasing population density. In particular for densely-populated areas with at least 1500 residents per km², differences between blurred locations and their sampling origins were small and did not affect the assessment of the built environment after spatial blurring.
Conclusions: This approach allowed the investigation of the built environment at a microlevel using individual network-dependent neighbourhoods, while ensuring data protection requirements. Minor influence of spatial blurring on the assessment of walkability was found that slightly affected the assessment of the built environment in sparsely-populated areas.},
	language = {en},
	number = {3},
	urldate = {2018-04-19},
	journal = {BMJ Open},
	author = {Buck, C. and Dreger, S. and Pigeot, I.},
	month = mar,
	year = {2015},
	pages = {e006481--e006481}
}

@article{buck_anonymisation_2015-1,
	title = {Anonymisation of address coordinates for microlevel analyses of the built environment: a simulation study},
	volume = {5},
	issn = {2044-6055},
	shorttitle = {Anonymisation of address coordinates for microlevel analyses of the built environment},
	doi = {10.1136/bmjopen-2014-006481},
	abstract = {Background: Data privacy is a major concern in spatial epidemiology because exact residential locations or parts of participants' addresses such as street or zip codes are used to perform geospatial analyses. To overcome this concern, different levels of aggregation such as census districts or zip code areas are mainly used, though any spatial aggregation leads to a loss of spatial variability. For the assessment of urban opportunities for physical activity that was conducted in the IDEFICS (Identification and prevention of dietaryand lifestyle-induced health effects in children and infants) study, macrolevel analyses were performed, but the use of exact residential addresses for microlevel analyses was not permitted by the responsible office for data protection. We therefore implemented a spatial blurring to anonymise address coordinates depending on the underlying population density. Methods: We added a standard Gaussian distributed error to individual address coordinates with the variance sigma(2) depending on the population density and on the chosen k-anonymity. 1000 random point locations were generated and repeatedly blurred 100 times to obtain anonymised locations. For each location 1 km network-dependent neighbourhoods were used to calculate walkability indices. Indices of blurred locations were compared to indices based on their sampling origins to determine the effect of spatial blurring on the assessment of the built environment. Results: Spatial blurring decreased with increasing population density. Similarly, mean differences in walkability indices also decreased with increasing population density. In particular for densely-populated areas with at least 1500 residents per km(2), differences between blurred locations and their sampling origins were small and did not affect the assessment of the built environment after spatial blurring. Conclusions: This approach allowed the investigation of the built environment at a microlevel using individual network-dependent neighbourhoods, while ensuring data protection requirements. Minor influence of spatial blurring on the assessment of walkability was found that slightly affected the assessment of the built environment in sparsely-populated areas.},
	language = {English},
	number = {3},
	journal = {Bmj Open},
	author = {Buck, Christoph and Dreger, Steffen and Pigeot, Iris},
	year = {2015},
	note = {WOS:000350566500001},
	keywords = {epidemiology, new-york-city, physical-activity, privacy protection},
	pages = {e006481}
}

@article{sweeney_k-anonymity:_2002,
	title = {k-{ANONYMITY}: {A} {MODEL} {FOR} {PROTECTING} {PRIVACY}},
	volume = {10},
	issn = {0218-4885, 1793-6411},
	shorttitle = {k-{ANONYMITY}},
	url = {http://www.worldscientific.com/doi/abs/10.1142/S0218488502001648},
	doi = {10.1142/S0218488502001648},
	language = {en},
	number = {05},
	urldate = {2018-04-19},
	journal = {International Journal of Uncertainty, Fuzziness and Knowledge-Based Systems},
	author = {Sweeney, Latanya},
	month = oct,
	year = {2002},
	pages = {557--570}
}

@misc{noauthor_g29_nodate,
	title = {Le {G}29 publie un avis sur les techniques d’anonymisation {\textbar} {CNIL}},
	url = {https://www.cnil.fr/fr/le-g29-publie-un-avis-sur-les-techniques-danonymisation-0},
	urldate = {2018-04-19}
}




@book{montello_spatial_2003,
	title = {Spatial {Information} {Theory}: {Foundations} of {Geographic} {Information} {Science}: {International} {Conference}, {COSIT} 2001 {Morro} {Bay}, {CA}, {USA}, {September} 19-23, 2001 {Proceedings}},
	isbn = {978-3-540-45424-3},
	shorttitle = {Spatial {Information} {Theory}},
	abstract = {The 5th International Conference on Spatial Information Theory, COSIT 2001, took place at the Inn at Morro Bay, California, USA, September 19 23, 2001. COSIT grew out of a series of workshops/NATO Advanced Study Institutes/NSF Specialist Meetings during the 1990s concerned with theoretical and applied aspects of representing large scale space, particularly geographic or environmental space (this history is elaborated in the prefaces of previous COSIT proceedings). These are spaces in which (and on which) human action takes place, and which are represented and processed in digital geographic information systems. In these early meetings, the need for well founded theories of spatial information representation and processing was identified, particularly theories based on cognition and on computation. This concern for theory provided an early foundation for the newly emerging field of geographic information science. COSIT is not backed by any particular scientific society but is organized as an independent enterprise. The conference series was established in 1993 as an interdisciplinary biennial European conference on the representation and processing of large scale spatial information after a successful international conference on the topic had been organized by Andrew Frank et al. in Pisa in 1992 (frequently referred to as "COSIT 0"). After two successful European COSIT conferences with strong North American participation (COSIT ’93: Island of Elba, Italy; COSIT ’95: Semmering, Austria), COSIT ’97 moved across the pond to the United States, and was held in the Laurel Highlands, Pennsylvania.},
	language = {en},
	publisher = {Springer},
	author = {Montello, Daniel R.},
	month = jun,
	year = {2003},
	note = {Google-Books-ID: fqdqCQAAQBAJ},
	keywords = {Computers / Data Modeling \& Design, Computers / Databases / General, Computers / Information Technology, Computers / Intelligence (AI) \& Semantics, Computers / Programming / Algorithms, Computers / Software Development \& Engineering / General, Computers / Software Development \& Engineering / Systems Analysis \& Design, Science / Earth Sciences / General, Science / Earth Sciences / Geography, Technology \& Engineering / Remote Sensing \& Geographic Information Systems}
}

@misc{noauthor_geoportail_nodate,
	title = {Géoportail},
	url = {https://www.geoportail.gouv.fr},
	abstract = {Accédez à l'information géographique de référence : cartes, photographies aériennes, données géographiques},
	urldate = {2018-04-30}
}

@misc{noauthor_geoportail_nodate-1,
	title = {Géoportail},
	url = {https://www.geoportail.gouv.fr},
	abstract = {Accédez à l'information géographique de référence : cartes, photographies aériennes, données géographiques},
	urldate = {2018-04-30}
}

@misc{douglaslms_presentation_nodate,
	title = {Présentation des types de données spatiales},
	url = {https://docs.microsoft.com/fr-fr/sql/relational-databases/spatial/spatial-data-types-overview},
	language = {fr-fr},
	urldate = {2018-04-30},
	author = {douglaslMS}
}

@article{noauthor_suivre_2017,
	title = {Suivre les dynamiques d’occupation du sol avec l’outil {Registre} {Parcellaire} {Graphique} {Explorer}},
	year = {2017},
	keywords = {captage d'eau potable, ciag, outil Registre Parcellaire Graphique Explorer, rpg}
}

@article{noauthor_utiliser_2017,
	title = {Utiliser le {Registre} {Parcellaire} {Graphique} pour suivre les dynamiques d’occupation du sol des {Aires} d’{Alimentation} de {Captage} avec {RPG} {Explorer}},
	abstract = {Le RPG ou Registre Parcellaire Graphique permet d’avoir des informations précises sur l’occupation du sol agricole ainsi que sur les parcellaires d’exploitation. RPG Explorer est un logiciel gratuit développé pour faciliter l’utilisation du RPG pour des non spécialistes des SIG. Il est composé de différents modules développés au fil de différents projets de recherche. Une fois les données RPG intégrées dans une base de données locale, l’utilisateur de RPG Explorer peut en extraire des informations telles que : assolements, successions de cultures, assolements de rotations ou dynamique de parcellaires agricoles. RPG Explorer s’appuie sur une communauté d’utilisateurs dont les retours permettent de corriger les erreurs tout en faisant émerger des idées de nouveaux développements. ; The French Land Parcel identification system, RPG or “Registre Parcellaire Graphique” gives precise information about land cover and land use (farm area). RPG Explorer is a free software developed to ease the use of RPG data for non-specialists in GIS. RPG Explorer is composed of different modules developed in different research projects. Once RPG data are integrated into its local data base, RPG Explorer can extract of it information such as acreages, crop successions, crop rotation proportions or farm area dynamics. RPG Explorer is supported by a user community whose feedback help to correct errors while giving ideas for new developments.},
	year = {2017},
	keywords = {cropping systems, landscape, lpis, pac, rpg, système de culture, territoire}
}

@misc{geographique_geostandard_2009,
	title = {Géostandard {Registre} parcellaire graphique non anonymisé ({RPG}) v1.0},
	url = {http://www.geoinformations.developpement-durable.gouv.fr/geostandard-registre-parcellaire-graphique-non-a1270.html},
	abstract = {Ce standard s'attache à décrire comment sont géo-localisés, au sein du Registre Parcellaire Graphique (RPG), les îlots culturaux recensés, sur l'ensemble du territoire français métropolitain à l'occasion de la campagne annuelle de "déclarations PAC". Les dits îlots, dessinés sur fond ortho-photographique par les agriculteurs déclarants, constituent en effet la base sur laquelle l'Agence de Services et de Paiement calcule les aides directes qui leur sont versées chaque année.},
	language = {fr},
	urldate = {2018-04-27},
	author = {géographique, GéoInformations-Espace interministériel de l’information},
	month = dec,
	year = {2009}
}

@misc{noauthor_donnees_nodate,
	title = {données géographiques anonymes - {Recherche} {Google}},
	url = {https://www.google.com/search?client=firefox-b-ab&ei=bAPjWpr4C8mKU_-RsPgK&q=donn%C3%A9es+g%C3%A9ographiques+anonymes&oq=donn%C3%A9es+g%C3%A9ographiques+anonymes&gs_l=psy-ab.3...2518680.2525574.0.2526165.21.21.0.0.0.0.111.1432.19j1.20.0....0...1c.1.64.psy-ab..1.2.150...0j0i13k1j0i8i7i30k1j0i13i5i30k1j0i8i13i30k1j0i7i30k1j0i5i30k1.0.QD5vj_sWUso},
	urldate = {2018-04-27}
}

@inproceedings{raschia_production_2010,
	address = {Annecy, France},
	title = {Production de jeux de données anonymes par une technique d'indexation spatiale},
	url = {https://hal.archives-ouvertes.fr/hal-00471648},
	urldate = {2018-04-27},
	booktitle = {Atelier ”{Protection} de la {Vie} {Privée}”},
	author = {Raschia, Guillaume and Anjum, Adeel},
	month = may,
	year = {2010},
	pages = {xxx--yyy}
}


@misc{noauthor_qualite_2018,
	title = {Qualité métrologique des appareils de mesure},
	copyright = {Creative Commons Attribution-ShareAlike License},
	url = {https://fr.wikipedia.org/w/index.php?title=Qualit%C3%A9_m%C3%A9trologique_des_appareils_de_mesure&oldid=145727353},
	abstract = {La qualité métrologique d'un instrument de mesure ou d'une centrale de mesure comprenant un capteur est l'ensemble des données qui caractérisent la qualité de la mesure effectuée par le dispositif considéré.[réf. nécessaire]
Les principales caractéristiques des instruments de mesure (ou propriétés métrologiques des dispositifs de mesure) sont définies dans le cadre du Vocabulaire International de Métrologie (VIM) et comprennent, entre autres :
l'étendue de mesure ;
la résolution ;
la sensibilité ;
l'exactitude ;
la justesse ;
la fidélité.
Il est à noter que le terme "précision" n'est pas utilisé et constitue une erreur de langage en métrologie. Ce terme est en effet absent du Vocabulaire International de Métrologie (VIM).},
	language = {fr},
	urldate = {2018-05-22},
	journal = {Wikipédia},
	month = feb,
	year = {2018},
	note = {Page Version ID: 145727353}
}

@article{kalam_gestion_nodate,
	title = {Gestion des données médicales anonymisées : problèmes et solutions},
	language = {fr},
	author = {Kalam, Anas Abou El and Deswarte, Yves and Trouessin, Gilles and Cordonnier, Emmanuel},
	pages = {16}
}

@phdthesis{cortez_attaques_2013,
	type = {phdthesis},
	title = {Attaques d'inférence sur des bases de données géolocalisées},
	url = {https://tel.archives-ouvertes.fr/tel-00926957/document},
	abstract = {Au cours des dernières années, nous avons observé le développement de dispositifs connectés et nomades tels que les téléphones mobiles, tablettes ou même les ordinateurs portables permettant aux gens d'utiliser dans leur quotidien des services géolocalisés qui sont personnalisés d'après leur position. Néanmoins, les services géolocalisés présentent des risques en terme de vie privée qui ne sont pas forcément perçus par les utilisateurs. Dans cette thèse, nous nous intéressons à comprendre les risques en terme de vie privée liés à la dissémination et collection de données de localisation. Dans ce but, les attaques par inférence que nous avons développé sont l'extraction des points d'intérêts, la prédiction de la prochaine localisation ainsi que la désanonymisation de traces de mobilité, grâce à un modèle de mobilité que nous avons appelé les chaînes de Markov de mobilité. Ensuite, nous avons établi un classement des attaques d'inférence dans le contexte de la géolocalisation se basant sur les objectifs de l'adversaire. De plus, nous avons évalué l'impact de certaines mesures d'assainissement à prémunir l'efficacité de certaines attaques par inférence. En fin nous avons élaboré une plateforme appelé GEoPrivacy Enhanced TOolkit (GEPETO) qui permet de tester les attaques par inférences développées.},
	language = {fr},
	urldate = {2018-05-16},
	school = {INSA de Toulouse},
	author = {Cortez, Miguel Nuñez del Prado},
	month = dec,
	year = {2013}
}

@inproceedings{truta_privacy_2006,
	title = {Privacy protection: p-sensitive k-anonymity property},
	shorttitle = {Privacy protection},
	abstract = {In this paper, we introduce a new privacy protection property called p-sensitive k-anonymity. The existing k-anonymity property protects against identity disclosure, but it fails to protect against attribute disclosure. The new introduced privacy model avoids this shortcoming. Two necessary conditions to achieve p-sensitive k-anonymity property are presented, and used in developing algorithms to create masked microdata with p-sensitive k-anonymity property using generalization and suppression. 1.},
	booktitle = {In {Proc}. of 22nd {IEEE} {Int}’l {Conf}. on {Data} {Engineering} {Workshops}},
	publisher = {IEEE Computer Society},
	author = {Truta, Traian Marius and Vinay, Bindu},
	year = {2006},
	pages = {94}
}

@inproceedings{machanavajjhala_l-diversity:_2006,
	title = {l-{Diversity}: {Privacy} {Beyond} k-{Anonymity}},
	shorttitle = {l-{Diversity}},
	abstract = {Publishing data about individuals without revealing sensitive information about them is an important problem. In recent years, a new definition of privacy called k-anonymity has gained popularity. In a k-anonymized dataset, each record is indistinguishable from at least k − 1 other records with respect to certain “identifying ” attributes. In this paper we show using two simple attacks that a k-anonymized dataset has some subtle, but severe privacy problems. First, an attacker can discover the values of sensitive attributes when there is little diversity in those sensitive attributes. This is a known problem. Second, attackers often have background knowledge, and we show that k-anonymity does not guarantee privacy against attackers using background knowledge. We give a detailed analysis of these two attacks and we propose a novel and powerful privacy criterion called ℓ-diversity that can defend against such attacks. In addition to building a formal foundation for ℓ-diversity, we show in an experimental evaluation that ℓ-diversity is practical and can be implemented efficiently.},
	booktitle = {In {Icde}},
	author = {Machanavajjhala, Ashwin and Kifer, Daniel and Gehrke, Johannes and Venkitasubramaniam, Muthuramakrishnan},
	year = {2006},
	pages = {24}
}

@article{noauthor_institut_1992,
	title = {Institut national de recherche en informatique et en automatique},
	volume = {37},
	issn = {0759-1063, 2070-2779},
	url = {http://journals.sagepub.com/doi/10.1177/075910639203700105},
	doi = {10.1177/075910639203700105},
	language = {fr},
	number = {1},
	urldate = {2018-05-08},
	journal = {Bulletin of Sociological Methodology/Bulletin de Méthodologie Sociologique},
	month = dec,
	year = {1992},
	pages = {55--57}
}



@article{noauthor_directive_1999,
	title = {Directive 7/55/{CE} du {Parlement} européen et du {Conseil} du 6 octobre 1997: modifiant la directive 84/450/{CEE} sur la publicité trompeuse afin d'y inclure la publicité comparative},
	volume = {18},
	issn = {1244-9288, 2272-8090},
	shorttitle = {Directive 7/55/{CE} du {Parlement} européen et du {Conseil} du 6 octobre 1997},
	url = {http://www.cairn.info/revue-legicom-1999-2-page-165.htm},
	doi = {10.3917/legi.018.0165},
	language = {fr},
	number = {2},
	urldate = {2018-05-08},
	journal = {LEGICOM},
	year = {1999},
	pages = {165}
}

@misc{noauthor_reglement_nodate,
	title = {Règlement européen sur la protection des données : ce qui change pour les professionnels {\textbar} {CNIL}},
	shorttitle = {Règlement européen sur la protection des données},
	url = {https://www.cnil.fr/fr/reglement-europeen-sur-la-protection-des-donnees-ce-qui-change-pour-les-professionnels},
	abstract = {RGDP : ce qui change pour les entreprises ?},
	language = {fr},
	urldate = {2018-05-08}
}

@article{noauthor_reglement_nodate-1,
	title = {R{ÈGLEMENT}  ({UE})  2016/  679  {DU}  {PARLEMENT}  {EUROPÉEN}  {ET}  {DU}  {CONSEIL}  -  du  27  avril  2016  -  relatif  à  la  protection  des  personnes  physiques  à  l'égard  du  traitement  des  données  à  caractère  personnel  et  à  la  libre  circulation  de  ces  données,  et  abrogeant  la  directive  95/  46/  {CE}  (règlement  général  sur  la  protection  des  données)},
	language = {fr},
	journal = {Jounal officiel de l'Union européenne},
	pages = {88}
}

@article{bouaziz_tome_nodate,
	title = {Tome 2 : {Catalogue} de données},
	abstract = {Open data is a new concept that makes certain data 
freely available and accessible to everyone. It 
can be used and republished without barriers or res
trictions from copyright or other mechanisms of 
control.  The  main  goal  of  this  idea  is  to  facilitat
e  public  collaboration  by  developing  a  Web 
application  for  sharing  public  data  in  a  linked  way
  and  with  a  specific  description.  This  project 
involves  discovering  different  open  data  platforms 
to  describe  and  reuse  agricultural  and 
environmental published data. As a first phase of t
his project, we provided a data catalog where we 
describe the published data in the web sites: the O
pen data Auvergne, the French data government 
and the Eurostat. In this catalog, we give the type
s, the numbers and the resources of the published 
data for each web platform. The second phase was to
 analyze and compare the data described in the 
catalog. To address this, we proposed a set of data
 chains of transformation that use the published 
data to generate new information and indicators. Th
e transformation chains use the resources’ type 
as  the  CSV  and  Excel  files  extracted  from  the  datab
ase  of  the  web  sites.  In  the  third  phase,  we 
implemented the transformation processes and we tes
ted it on the available data. As a result, we 
succeeded to generate new indicators as the new org
anic farmer settled in Auvergne on 2013 and 
2014, the land certified for organic production, th
e public aid attributed in Auvergne ... In short, the
data published on the Open data Auvergne is not rea
dy to be used effectively because of the limited 
number and types of the data information. For the c
alculated indicators of the French data platform, 
they give approximately the same results published 
on the Eurostat platform and they propose a 
powerful platform for the visualization and the reu
se of the data.},
	language = {fr},
	author = {BOUAZIZ, M’hamed and EL GUERRABI, Walid and ROUSSET, Catherine and MYUNG, Kang},
	keywords = {Open  data, reuse  agricultural  and  envirometal data, transformation chain},
	pages = {19}
}

